ISA*00*          *00*          *ZZ*PAYER123       *ZZ*PROVIDER456    *240201*0800*^*00501*000000002*0*P*:~
GS*HP*PAYER*PROVIDER*20240201*0800*2*X*005010X221A1~
ST*835*0002*005010X221A1~
BPR*I*1500.00*C*ACH*CCP*01*011000015*DA*123456789*1234567890**01*011000015*DA*987654321*20240201~
TRN*1*TRACE001*1234567890~
DTM*405*20240115~
N1*PR*ACME HEALTH PLAN~
N1*PE*DR SMITH MEDICAL*XX*1234567890~
CLP*CLM001*1*500.00*450.00*20.00*MC*PAYERREF001*11~
NM1*QC*1*DOE*JOHN****MI*ABC12345~
NM1*82*1*SMITH*ROBERT****XX*1234567890~
SVC*HC:99213*200.00*180.00**1~
DTM*472*20240110~
CAS*CO*45*20.00~
AMT*AU*180.00~
SVC*HC:99214*300.00*270.00**1~
DTM*472*20240112~
CAS*PR*2*30.00~
CLP*CLM002*1*250.00*225.00*10.00*MC*PAYERREF002*11~
NM1*QC*1*SMITH*JANE****MI*DEF67890~
NM1*82*1*JONES*ALICE****XX*9876543210~
SVC*HC:99215*250.00*225.00**1~
DTM*472*20240115~
CAS*CO*45*25.00~
SE*22*0002~
GE*1*2~
IEA*1*000000002~
