ISA*00*          *00*          *ZZ*PAYER          *ZZ*PROVIDER       *260201*0900*^*00501*000000003*0*P*:~
GS*HP*PAYER*PROVIDER*20260201*0900*3*X*005010X221A1~
ST*835*000000001*005010X221A1~BPR*I*4500.00*C*ACH*CCP*01*021000089*DA*123456789*1234567890**01*021000089*DA*987654321*20260201~TRN*1*10099999001*1234567890~DTM*405*20260201~N1*PR*BLUE CROSS BLUE SHIELD*XV*54321~N1*PE*METRO GENERAL HOSPITAL*XX*5556667777~CLP*CLM00000001*1*275.32*250.00*25.32*12*BCBS100001*11*1~NM1*QC*1*JONES*ANA****MI*MEM144824~NM1*82*1*GONZALEZ****XX*5556667777~SVC*HC:99381*275.32*250.00**1~CAS*CO*45*25.32~DTM*232*20260707~AMT*AU*250.00~SE*15*000000001~
ST*835*000000002*005010X221A1~BPR*I*4500.00*C*ACH*CCP*01*021000089*DA*123456789*1234567890**01*021000089*DA*987654321*20260201~TRN*1*10099999002*1234567890~DTM*405*20260201~N1*PR*CIGNA*XV*77788~N1*PE*COASTAL URGENT CARE*XX*4445556666~CLP*CLM00000002*1*91.52*80.00*11.52*12*CIGNA200002*11*1~NM1*QC*1*TAYLOR*MARCUS****MI*MEM599002~NM1*82*1*SMITH****XX*4445556666~SVC*HC:94640*91.52*80.00**1~CAS*CO*45*11.52~DTM*232*20261219~AMT*AU*80.00~SE*15*000000002~
ST*835*000000003*005010X221A1~BPR*I*4500.00*C*ACH*CCP*01*021000089*DA*123456789*1234567890**01*021000089*DA*987654321*20260201~TRN*1*10099999003*1234567890~DTM*405*20260201~N1*PR*AETNA*XV*67890~N1*PE*ACME HEALTH CLINIC*XX*1234567890~CLP*CLM00000003*1*945.25*820.00*125.25*12*AETN300003*22*1~NM1*QC*1*SMITH*JAMES****MI*MEM373166~NM1*82*1*TAYLOR****XX*1234567890~SVC*HC:99381*341.11*310.00**1~CAS*CO*45*31.11~DTM*232*20261121~AMT*AU*310.00~SVC*HC:99214*236.52*210.00**1~CAS*CO*45*26.52~DTM*232*20261121~AMT*AU*210.00~SE*19*000000003~
ST*835*000000004*005010X221A1~BPR*I*4500.00*C*ACH*CCP*01*021000089*DA*123456789*1234567890**01*021000089*DA*987654321*20260201~TRN*1*10099999004*1234567890~DTM*405*20260201~N1*PR*HUMANA*XV*99887~N1*PE*ACME HEALTH CLINIC*XX*1234567890~CLP*CLM00000004*1*385.02*350.00*35.02*12*HUM400004*23*1~NM1*QC*1*ANDERSON*MARCUS****MI*MEM761178~NM1*82*1*KIM****XX*1234567890~SVC*HC:99382*385.02*350.00**1~CAS*CO*45*35.02~DTM*232*20260424~AMT*AU*350.00~SE*15*000000004~
ST*835*000000005*005010X221A1~BPR*I*4500.00*C*ACH*CCP*01*021000089*DA*123456789*1234567890**01*021000089*DA*987654321*20260201~TRN*1*10099999005*1234567890~DTM*405*20260201~N1*PR*AETNA*XV*67890~N1*PE*COASTAL URGENT CARE*XX*4445556666~CLP*CLM00000005*1*352.16*300.00*52.16*12*AETN500005*11*1~NM1*QC*1*JOHNSON*MARCUS****MI*MEM165638~NM1*82*1*KIM****XX*4445556666~SVC*HC:80061*129.55*110.00**1~CAS*CO*45*19.55~DTM*232*20260928~AMT*AU*110.00~SVC*HC:73610*222.61*190.00**1~CAS*CO*45*32.61~DTM*232*20260928~AMT*AU*190.00~SE*19*000000005~
ST*835*000000006*005010X221A1~BPR*I*4500.00*C*ACH*CCP*01*021000089*DA*123456789*1234567890**01*021000089*DA*987654321*20260201~TRN*1*10099999006*1234567890~DTM*405*20260201~N1*PR*AETNA*XV*67890~N1*PE*ACME HEALTH CLINIC*XX*1234567890~CLP*CLM00000006*1*741.23*650.00*91.23*12*AETN600006*11*1~NM1*QC*1*MARTINEZ*EMMA****MI*MEM322893~NM1*82*1*TAYLOR****XX*1234567890~SVC*HC:94640*140.46*120.00**1~CAS*CO*45*20.46~DTM*232*20261212~AMT*AU*120.00~SVC*HC:99281*223.97*200.00**1~CAS*CO*45*23.97~DTM*232*20261212~AMT*AU*200.00~SE*19*000000006~
ST*835*000000007*005010X221A1~BPR*I*4500.00*C*ACH*CCP*01*021000089*DA*123456789*1234567890**01*021000089*DA*987654321*20260201~TRN*1*10099999007*1234567890~DTM*405*20260201~N1*PR*UNITED HEALTHCARE*XV*86111~N1*PE*LAKESHORE HEALTH CENTER*XX*7778889999~CLP*CLM00000007*1*621.85*550.00*71.85*12*UHC700007*11*1~NM1*QC*1*TAYLOR*ANA****MI*MEM905442~NM1*82*1*CHEN****XX*7778889999~SVC*HC:99382*399.03*360.00**1~CAS*CO*45*39.03~DTM*232*20261004~AMT*AU*360.00~SVC*HC:71046*112.35*100.00**1~CAS*CO*45*12.35~DTM*232*20261004~AMT*AU*100.00~SE*19*000000007~
ST*835*000000008*005010X221A1~BPR*I*4500.00*C*ACH*CCP*01*021000089*DA*123456789*1234567890**01*021000089*DA*987654321*20260201~TRN*1*10099999008*1234567890~DTM*405*20260201~N1*PR*HUMANA*XV*99887~N1*PE*SUMMIT FAMILY MEDICINE*XX*1112223333~CLP*CLM00000008*1*818.26*720.00*98.26*12*HUM800008*22*1~NM1*QC*1*THOMAS*ROSA****MI*MEM571023~NM1*82*1*THOMAS****XX*1112223333~SVC*HC:99283*443.61*400.00**1~CAS*CO*45*43.61~DTM*232*20260311~AMT*AU*400.00~SVC*HC:87880*46.51*40.00**1~CAS*CO*45*6.51~DTM*232*20260311~AMT*AU*40.00~SE*19*000000008~
ST*835*000000009*005010X221A1~BPR*I*4500.00*C*ACH*CCP*01*021000089*DA*123456789*1234567890**01*021000089*DA*987654321*20260201~TRN*1*10099999009*1234567890~DTM*405*20260201~N1*PR*CIGNA*XV*77788~N1*PE*PINE VALLEY MEDICAL*XX*6667778888~CLP*CLM00000009*1*140.47*125.00*15.47*12*CIGNA900009*11*1~NM1*QC*1*WHITE*SARAH****MI*MEM272419~NM1*82*1*HERNANDEZ****XX*6667778888~SVC*HC:93000*140.47*125.00**1~CAS*CO*45*15.47~DTM*232*20260909~AMT*AU*125.00~SE*15*000000009~
ST*835*000000010*005010X221A1~BPR*I*4500.00*C*ACH*CCP*01*021000089*DA*123456789*1234567890**01*021000089*DA*987654321*20260201~TRN*1*10099999010*1234567890~DTM*405*20260201~N1*PR*CIGNA*XV*77788~N1*PE*COASTAL URGENT CARE*XX*4445556666~CLP*CLM00000010*1*241.63*210.00*31.63*12*CIGNA1000010*11*1~NM1*QC*1*HERNANDEZ*CARLOS****MI*MEM688153~NM1*82*1*NGUYEN****XX*4445556666~SVC*HC:83036*54.01*45.00**1~CAS*CO*45*9.01~DTM*232*20260918~AMT*AU*45.00~SVC*HC:93000*187.62*165.00**1~CAS*CO*45*22.62~DTM*232*20260918~AMT*AU*165.00~SE*19*000000010~
GE*10*3~
IEA*1*000000003~
